@book{pressman1995engenharia,
  title={Engenharia de software},
  author={Pressman, Roger S},
  volume={6},
  year={1995},
  publisher={Makron books Sao Paulo}
}
@article{haumer2007eclipse,
  title={Eclipse process framework composer},
  author={Haumer, Peter},
  journal={Eclipse Foundation},
  year={2007}
}